<record><leader>00000cas a22000007a 4500</leader><controlfield tag="001">8412504</controlfield><controlfield tag="008">820510d19uu2012nyudr ne      0   f0tur c</controlfield><datafield ind1=" " ind2=" " tag="010"><subfield code="a">  2006238125</subfield></datafield><datafield ind1=" " ind2=" " tag="040"><subfield code="a">AZU</subfield><subfield code="b">eng</subfield><subfield code="c">AZU</subfield><subfield code="d">OCLCQ</subfield><subfield code="d">IUL</subfield><subfield code="d">NSD</subfield><subfield code="d">ZYU</subfield><subfield code="d">OCLCQ</subfield><subfield code="d">COO</subfield><subfield code="d">IUL</subfield><subfield code="d">OCLCQ</subfield><subfield code="d">OCLCO</subfield><subfield code="d">OCLCF</subfield><subfield code="d">OCLCO</subfield></datafield><datafield ind1=" " ind2=" " tag="012"><subfield code="l">a</subfield></datafield><datafield ind1="0" ind2=" " tag="022"><subfield code="a">1930-2185</subfield><subfield code="l">1930-2185</subfield><subfield code="2">1</subfield></datafield><datafield ind1="1" ind2=" " tag="029"><subfield code="a">AU@</subfield><subfield code="b">000040185200</subfield></datafield><datafield ind1=" " ind2=" " tag="037"><subfield code="b">Turkish Publishing and Marketing, inc., 521 Fifth Ave., Suite 1804, New York, N.Y. 10175</subfield></datafield><datafield ind1=" " ind2=" " tag="042"><subfield code="a">pcc</subfield><subfield code="a">nsdp</subfield></datafield><datafield ind1=" " ind2=" " tag="043"><subfield code="a">n-us-ny</subfield></datafield><datafield ind1="1" ind2="0" tag="050"><subfield code="a">ISSN RECORD</subfield></datafield><datafield ind1=" " ind2="4" tag="050"><subfield code="a">DR401</subfield><subfield code="b">.H8</subfield></datafield><datafield ind1="1" ind2="0" tag="082"><subfield code="a">071</subfield><subfield code="2">13</subfield></datafield><datafield ind1="0" ind2=" " tag="130"><subfield code="a">Hu&#776;rriyet (New York, N.Y.)</subfield></datafield><datafield ind1=" " ind2="0" tag="222"><subfield code="a">Hu&#776;rriyet</subfield><subfield code="b">(New York, N.Y.)</subfield></datafield><datafield ind1="1" ind2="0" tag="245"><subfield code="a">Hu&#776;rriyet.</subfield></datafield><datafield ind1=" " ind2=" " tag="260"><subfield code="a">New York, NY :</subfield><subfield code="b">Turkish Pub. and Marketing, Inc.</subfield></datafield><datafield ind1=" " ind2=" " tag="300"><subfield code="a">v. :</subfield><subfield code="b">ill. (some col.) ;</subfield><subfield code="c">57 cm.</subfield></datafield><datafield ind1=" " ind2=" " tag="310"><subfield code="a">Daily</subfield></datafield><datafield ind1="1" ind2=" " tag="362"><subfield code="a">Ceased with Mar. 2012. Cf. EBSCO.</subfield></datafield><datafield ind1=" " ind2=" " tag="546"><subfield code="a">In Turkish.</subfield></datafield><datafield ind1=" " ind2=" " tag="580"><subfield code="a">New York ed. of: Hu&#776;rriyet (Istanbul, Turkey).</subfield></datafield><datafield ind1=" " ind2=" " tag="588"><subfield code="a">Description based on: 1 Ocak 2006.</subfield></datafield><datafield ind1=" " ind2=" " tag="588"><subfield code="a">Latest issue consulted: Sept. 9, 2007 (surrogate).</subfield></datafield><datafield ind1=" " ind2="0" tag="651"><subfield code="a">New York (N.Y.)</subfield><subfield code="v">Newspapers.</subfield></datafield><datafield ind1=" " ind2="0" tag="650"><subfield code="a">Turkish Americans</subfield><subfield code="z">New York (State)</subfield><subfield code="z">New York</subfield><subfield code="v">Newspapers.</subfield></datafield><datafield ind1=" " ind2="0" tag="650"><subfield code="a">Turks</subfield><subfield code="z">New York (State)</subfield><subfield code="z">New York</subfield><subfield code="v">Newspapers.</subfield></datafield><datafield ind1=" " ind2="0" tag="651"><subfield code="a">Istanbul (Turkey)</subfield><subfield code="v">Newspapers.</subfield></datafield><datafield ind1=" " ind2="7" tag="650"><subfield code="a">Newspapers, Turkish.</subfield><subfield code="2">rbgenr</subfield></datafield><datafield ind1=" " ind2="7" tag="655"><subfield code="a">Newspapers.</subfield><subfield code="2">fast</subfield><subfield code="0">(OCoLC)fst01423814</subfield></datafield><datafield ind1=" " ind2="7" tag="650"><subfield code="a">Turkish Americans.</subfield><subfield code="2">fast</subfield><subfield code="0">(OCoLC)fst01159396</subfield></datafield><datafield ind1=" " ind2="7" tag="650"><subfield code="a">Turks.</subfield><subfield code="2">fast</subfield><subfield code="0">(OCoLC)fst01159574</subfield></datafield><datafield ind1=" " ind2="7" tag="651"><subfield code="a">New York (State)</subfield><subfield code="z">New York.</subfield><subfield code="2">fast</subfield><subfield code="0">(OCoLC)fst01204333</subfield></datafield><datafield ind1=" " ind2="7" tag="651"><subfield code="a">Turkey</subfield><subfield code="z">Istanbul.</subfield><subfield code="2">fast</subfield><subfield code="0">(OCoLC)fst01204833</subfield></datafield><datafield ind1=" " ind2=" " tag="752"><subfield code="a">United States</subfield><subfield code="b">New York</subfield><subfield code="c">New York</subfield><subfield code="d">New York.</subfield></datafield><datafield ind1=" " ind2=" " tag="752"><subfield code="a">Turkey</subfield><subfield code="d">Istanbul.</subfield></datafield><datafield ind1="1" ind2=" " tag="775"><subfield code="t">Hu&#776;rriyet (Istanbul, Turkey)</subfield><subfield code="w">(DLC)sn 95046858</subfield><subfield code="w">(OCoLC)12043682</subfield></datafield></record>